@book{Real_John_Doe,
    author = "John Doe",
    title = "Test"
}