@online{Overleaf_Compilers,
    author = "Overleaf",
    title = "Choosing a LaTeX Compiler",
    url  = "https://www.overleaf.com/learn/latex/Choosing_a_LaTeX_Compiler",
    addendum = "(accessed: 12.01.2019)",
    keywords = "latex,compilers, distributions"
}

@online{Old_Distributions,
    author = "User: egreg",
    title = "Stackexchange Tex - Latex distributions",
    url  = "https://tex.stackexchange.com/questions/239199/latex-distributions-what-are-their-main-differences",
    addendum = "(accessed: 13.01.2019)",
    keywords = "latex, distributions"
}

@online{Dickimaw_Books,
    author = "Dickimaw Books",
    title = "Auxiliary and Log Files",
    url  = "https://www.dickimaw-books.com/latex/novices/html/auxiliary.html",
    addendum = "(accessed: 13.01.2019)",
    keywords = "latex,Auxiliary files, Log files, Toc Files"
}

@online{Latex_project_distributions,
    author = "Latex project",
    title = "Getting LaTeX",
    url  = "https://www.latex-project.org/get/",
    addendum = "(accessed: 13.01.2019)",
    keywords = "latex, distributions, latex project"
}

@online{understanding_the_log_file,
    author = "User: Werner",
    title = "Stackexchange Tex - Understanding the Log file",
    url  = "https://tex.stackexchange.com/questions/32213/understanding-the-log-file",
    addendum = "(accessed: 14.01.2019)",
    keywords = "latex, log files, compiling"
}

@online{Include_input,
    author = "Wikibooks",
    title = "Wikibooks/LaTeX - Modular Documents",
    url  = "https://en.wikibooks.org/wiki/LaTeX/Modular_Documents",
    addendum = "(accessed: 14.01.2019)",
    keywords = "latex, include, input, auxiliary files, compiling"
}

@online{infinitely,
    author = "David Carlisle",
    title = "Stackexchange Tex - Document requiring infinitely many compiler passes?",
    url  = "https://tex.stackexchange.com/questions/30674/document-requiring-infinitely-many-compiler-passes",
    addendum = "(accessed: 14.01.2019)",
    keywords = "latex, compiler"
}

@online{tex_blog,
    author = "Tex Blog",
    title = "Tex Blog - Tex Resources",
    url  = "https://texblog.org/tex-resources/",
    addendum = "(accessed: 15.01.2019)",
    keywords = "latex"
}

@online{latexmk,
    author = "Latexmk",
    title = "Latexmk home page",
    url  = "https://mg.readthedocs.io/latexmk.html",
    addendum = "(accessed: 15.01.2019)",
    keywords = "latex, build"
}

@online{Rubber,
    author = "Rubber",
    title = "Rubber home page",
    url  = "https://launchpad.net/rubber/",
    addendum = "(accessed: 15.01.2019)",
    keywords = "latex, build"
}

@online{arara,
    author = "arara",
    title = "arara Github page",
    url  = "https://github.com/cereda/arara",
    addendum = "(accessed: 15.01.2019)",
    keywords = "latex, build"
}

@online{texmaker,
    author = "Texmaker",
    title = "Texmaker Home page",
    url  = "http://www.xm1math.net/texmaker/",
    addendum = "(accessed: 15.01.2019)",
    keywords = "latex, editor"
}

@online{texworks,
    author = "TeXworks",
    title = "TeXworks Home page",
    url  = "http://www.tug.org/texworks/",
    addendum = "(accessed: 15.01.2019)",
    keywords = "latex, editor"
}

@online{texshop,
    author = "TeXworks",
    title = "TeXShop Home page",
    url  = "https://pages.uoregon.edu/koch/texshop/",
    addendum = "(accessed: 15.01.2019)",
    keywords = "latex, editor"
}

@online{texniccenter,
    author = "TeXworks",
    title = "TeXnicCenter Home page",
    url  = "http://www.texniccenter.org/",
    addendum = "(accessed: 15.01.2019)",
    keywords = "latex, editor"
}

@online{overleaf,
    author = "Overleaf",
    title = "Overleaf Home page",
    url  = "https://www.overleaf.com/",
    addendum = "(accessed: 15.01.2019)",
    keywords = "latex, online editor"
}

@online{latexonline,
    author = "LaTeX Online Editor (XO)",
    title = "LaTeX Online Editor (XO) Home page",
    url  = "http://latexonlineeditor.net/",
    addendum = "(accessed: 15.01.2019)",
    keywords = "latex, online editor"
}

@online{latexbase,
    author = "LaTeX Base",
    title = "LaTeX Base Home page",
    url  = "https://latexbase.com/",
    addendum = "(accessed: 15.01.2019)",
    keywords = "latex, online editor"
}

@online{papeeria,
    author = "Papeeria",
    title = "Papeeria Home page",
    url  = "https://papeeria.com/",
    addendum = "(accessed: 15.01.2019)",
    keywords = "latex, online editor"
}

@online{compiler_works,
    author = "Joseph Wright",
    title = "Stackexchange Tex - How does the LaTeX compile chain work exactly?",
    url  = "https://tex.stackexchange.com/questions/121383/how-does-the-latex-compile-chain-work-exactly",
    addendum = "(accessed: 14.01.2019)",
    keywords = "latex, compiler"
}

@online{labels_refs_works,
    author = "Werner",
    title = "Stackexchange Tex - Understanding how references and labels work",
    url  = "https://tex.stackexchange.com/questions/111280/understanding-how-references-and-labels-work",
    addendum = "(accessed: 14.01.2019)",
    keywords = "latex, compiler, references"
}

@online{bibliography_citation,
    author = "Paul Stanley and Torbj√∏rn T.",
    title = "Stackexchange Tex - Question mark or bold citation key instead of citation number",
    url  = "https://tex.stackexchange.com/questions/63852/question-mark-or-bold-citation-key-instead-of-citation-number",
    addendum = "(accessed: 14.01.2019)",
    keywords = "latex, compiler, references, bibliography"
}

@online{latex_kernel,
    author = "Latex Project",
    title = "Latex Kernel",
    url  = "https://github.com/latex3/latex2e",
    addendum = "(accessed: 14.01.2019)",
    keywords = "latex, compiler, kernel"
}

@online{latex_project,
    author = "Latex Project",
    title = "Latex Project Home site",
    url  = "https://www.latex-project.org/",
    addendum = "(accessed: 14.01.2019)",
    keywords = "latex"
}

@online{latex_3,
    author = "Latex Project",
    title = "Latex 3",
    url  = "https://github.com/latex3/latex3",
    addendum = "(accessed: 14.01.2019)",
    keywords = "latex, compiler, kernel"
}

@online{latex_vs_tex,
    author = "Joseph Wright",
    title = "Stackexchange Tex - What is the difference between TeX and LaTeX?",
    url  = "https://tex.stackexchange.com/questions/49/what-is-the-difference-between-tex-and-latex",
    addendum = "(accessed: 14.01.2019)",
    keywords = "latex, tex"
}

@online{wikibook,
    author = "Wiki book",
    title = "Wiki book - Latex Home site",
    url  = "https://en.wikibooks.org/wiki/LaTeX",
    addendum = "(accessed: 14.01.2019)",
    keywords = "latex"
}

@online{latex_official_documentation,
    author = "Latex Project",
    title = "Latex Official Documentation",
    url  = "https://www.latex-project.org/help/documentation/",
    addendum = "(accessed: 14.01.2019)",
    keywords = "latex, documentation"
}

@online{awesome_resources,
    author = "Egon Geerardyn",
    title = "Github Repo with Latex resources",
    url  = "https://github.com/egeerardyn/awesome-LaTeX ",
    addendum = "(accessed: 15.01.2019)",
    keywords = "latex, resources"
}


@online{tug,
    author = "TUG",
    title = "Tex User Group",
    url  = "https://www.tug.org/",
    addendum = "(accessed: 14.01.2019)",
    keywords = "latex, user group"
}